% Encoding: UTF-8

@Book{Laplante2014,
  author    = {Laplante, Phillip},
  publisher = {CRC Press},
  title     = {Requirements engineering for software and systems, second edition},
  year      = {2014},
  address   = {Boca Raton, FL},
  isbn      = {978-1-4665-6082-6},
}

@Book{Bindel2017,
  author    = {Thomas Bindel, Dieter Hofmann},
  publisher = {Springer-Verlag GmbH},
  title     = {Projektierung von Automatisierungsanlagen},
  year      = {2017},
  isbn      = {978-3-658-16416-4},
  date      = {2017-08-02},
  ean       = {9783658164164},
  pagetotal = {273},
  url       = {https://www.ebook.de/de/product/33168410/thomas_bindel_dieter_hofmann_projektierung_von_automatisierungsanlagen.html},
}

@Book{Kleuker2013,
  author    = {Kleuker, Stephan},
  publisher = {Springer-Verlag GmbH},
  title     = {Grundkurs Software-Engineering mit UML},
  year      = {2013},
  isbn      = {978-3-658-00642-6},
  month     = jul,
  ean       = {9783658006426},
  pagetotal = {402},
  url       = {https://www.ebook.de/de/product/25604282/stephan_kleuker_grundkurs_software_engineering_mit_uml.html},
}

@Book{Keller2019,
  author    = {Keller, Hubert B.},
  publisher = {Springer-Verlag GmbH},
  title     = {Entwicklung von Echtzeitsystemen},
  year      = {2019},
  isbn      = {978-3-658-26641-7},
  month     = dec,
  ean       = {9783658266417},
  pagetotal = {287},
  url       = {https://www.ebook.de/de/product/38401910/hubert_b_keller_entwicklung_von_echtzeitsystemen.html},
}

@Article{t2info2012,
  author  = {t2informatik GmbH},
  title   = {Requirements Engineering},
  year    = {2012},
  month   = oct,
  url     = {https://t2informatik.de/wissen-kompakt/requirements-engineering/},
  urldate = {2021-09-23},
}

@Book{John2009,
  author    = {Karl Heinz John, Michael Tiegelkamp},
  publisher = {Springer-Verlag GmbH},
  title     = {SPS-Programmierung mit IEC 61131-3},
  year      = {2009},
  isbn      = {978-3-642-00269-4},
  month     = jun,
  ean       = {9783642002694},
  pagetotal = {402},
  url       = {https://www.ebook.de/de/product/12469251/karl_heinz_john_michael_tiegelkamp_sps_programmierung_mit_iec_61131_3.html},
}

@Book{Heinrich2019,
  author    = {Heinrich, Berthold and Linke, Petra and Glöckler, Michael},
  publisher = {Springer-Verlag GmbH},
  title     = {Grundlagen Automatisierung},
  year      = {2019},
  isbn      = {978-3-658-27323-1},
  month     = nov,
  ean       = {9783658273231},
  pagetotal = {462},
  url       = {https://www.ebook.de/de/product/38313274/berthold_heinrich_petra_linke_michael_gloeckler_grundlagen_automatisierung.html},
}

@Book{Abolhassan2016,
  author    = {Ferri Abolhassan},
  editor    = {Jörn Kellermann},
  publisher = {Gabler, Betriebswirt.-Vlg},
  title     = {Effizienz durch Automatisierung},
  year      = {2016},
  isbn      = {978-3-658-10644-7},
  month     = mar,
  ean       = {9783658106447},
  pagetotal = {118},
  url       = {https://www.ebook.de/de/product/25821787/effizienz_durch_automatisierung.html},
}

@Book{Commission1998,
  author = {International Electronic Commission},
  title  = {International Standard IEC 61131},
  year   = {1998},
}

@Book{Andelfinger2017,
  author    = {Volker P. Andelfinger},
  editor    = {Till Hänisch},
  publisher = {Gabler, Betriebswirt.-Vlg},
  title     = {Industrie 4.0},
  year      = {2017},
  isbn      = {978-3-658-15557-5},
  month     = feb,
  ean       = {9783658155575},
  pagetotal = {271},
  url       = {https://www.ebook.de/de/product/28656146/industrie_4_0.html},
}

@Book{Lauber1999,
  author    = {Rudolf Lauber, Peter Göhner},
  publisher = {Springer Berlin Heidelberg},
  title     = {Prozessautomatisierung 2},
  year      = {1999},
  isbn      = {978-3-540-65319-6},
  month     = oct,
  ean       = {9783540653196},
  pagetotal = {524},
  url       = {https://www.ebook.de/de/product/1369906/rudolf_lauber_peter_goehner_prozessautomatisierung_2.html},
}

@Article{Walke2005,
  author = {Christian Walke},
  title  = {Entwurfsprozess für verteilte Steuerungenmit UML und IEC 61499},
  year   = {2005},
}

@Book{Marwedel2007,
  author    = {Marwedel, Peter},
  publisher = {Springer-Verlag GmbH},
  title     = {Eingebettete Systeme},
  year      = {2007},
  isbn      = {978-3-540-34049-2},
  month     = apr,
  ean       = {9783540340492},
  pagetotal = {265},
  url       = {https://www.ebook.de/de/product/19205528/peter_marwedel_eingebettete_systeme.html},
}

@Book{Broy2021,
  author    = {Manfred Broy, Marco Kuhrmann},
  publisher = {Springer-Verlag GmbH},
  title     = {Einführung in die Softwaretechnik},
  year      = {2021},
  isbn      = {978-3-662-50263-1},
  month     = jun,
  ean       = {9783662502631},
  pagetotal = {666},
  url       = {https://www.ebook.de/de/product/41143391/manfred_broy_marco_kuhrmann_einfuehrung_in_die_softwaretechnik.html},
}

@Book{Balzert2009,
  author    = {Balzert, Helmut},
  publisher = {Spektrum Akademischer Verlag},
  title     = {Lehrbuch der Softwaretechnik: Basiskonzepte und Requirements Engineering},
  year      = {2009},
  isbn      = {978-3-8274-1705-3},
  month     = sep,
  ean       = {9783827417053},
  pagetotal = {644},
  url       = {https://www.ebook.de/de/product/8616890/helmut_balzert_lehrbuch_der_softwaretechnik_basiskonzepte_und_requirements_engineering.html},
}

@Book{Tabeling2006,
  author    = {Tabeling, Peter},
  publisher = {Springer},
  title     = {Softwaresysteme und ihre Modellierung Grundlagen, Methoden und Techniken ; mit 43 Tabellen},
  year      = {2006},
  address   = {BerlinHeidelbergNew York},
  isbn      = {3-540-25828-0},
}

@Book{Goll2011,
  author    = {Joachim Goll},
  publisher = {Vieweg+Teubner Verlag},
  title     = {Methoden und Architekturen der Softwaretechnik},
  year      = {2011},
  address   = {Wiesbaden},
  isbn      = {978-3-8348-1578-1},
}

@Book{Wietzke2012,
  author    = {Wietzke, Joachim},
  publisher = {Springer-Verlag GmbH},
  title     = {Embedded Technologies},
  year      = {2012},
  isbn      = {978-3-642-23996-0},
  month     = may,
  ean       = {9783642239960},
  pagetotal = {321},
  url       = {https://www.ebook.de/de/product/19292147/joachim_wietzke_embedded_technologies.html},
}

@Book{Pohl2015,
  author    = {Pohl, Klaus},
  publisher = {dpunkt.verlag},
  title     = {Basiswissen Requirements Engineering : Aus- und Weiterbildung zum "Certified Professional for Requirements Engineering" ; Foundation Level nach IREB-Standard},
  year      = {2015},
  address   = {Heidelberg},
  isbn      = {9783864902833},
}

@Book{Posch2011,
  author    = {Posch, Torsten},
  publisher = {Dpunkt.verlag},
  title     = {Basiswissen Softwarearchitektur : verstehen, entwerfen, wiederverwenden},
  year      = {2011},
  address   = {Heidelberg},
  isbn      = {3898647366},
}

@Book{Schmitt2015,
  author    = {Schmitt, Karl},
  publisher = {Vogel Business Media},
  title     = {SPS-Programmierung mit ST nach IEC 61 131 mit CODESYS und mit Hinweisen zu STEP 7 im TIA-Portal},
  year      = {2015},
  address   = {Würzburg},
  isbn      = {3834333697},
}

@Book{Weilkiens2014,
  author    = {Weilkiens, Tim},
  publisher = {Dpunkt.Verlag GmbH},
  title     = {Systems Engineering mit SysML/UML},
  year      = {2014},
  isbn      = {3864900913},
  month     = jun,
  ean       = {9783864900914},
  pagetotal = {512},
  url       = {https://www.ebook.de/de/product/22032044/tim_weilkiens_systems_engineering_mit_sysml_uml.html},
}

@Book{Kasikci2018,
  author    = {Kasikci, Ismail},
  publisher = {Hüthig GmbH},
  title     = {Projektierung von Niederspannungsanlagen},
  year      = {2018},
  isbn      = {9783810104687},
  month     = oct,
  ean       = {9783810104687},
  pagetotal = {832},
  url       = {https://www.ebook.de/de/product/33869961/ismail_kasikci_projektierung_von_niederspannungsanlagen.html},
}

@Book{Boercsoek2015,
  author    = {Börcsök, Josef},
  publisher = {VDE-Verl},
  title     = {Funktionale Sicherheit Grundzüge sicherheitstechnischer Systeme},
  year      = {2015},
  address   = {BerlinOffenbach},
  isbn      = {9783800735907},
}

@Comment{jabref-meta: databaseType:bibtex;}
