% Encoding: UTF-8

@Book{Laplante2014,
  author    = {Laplante, Phillip},
  publisher = {CRC Press},
  title     = {Requirements engineering for software and systems, second edition},
  year      = {2014},
  address   = {Boca Raton, FL},
  isbn      = {978-1-4665-6082-6},
}

@Book{Bindel2017,
  author    = {Thomas Bindel, Dieter Hofmann},
  publisher = {Springer-Verlag GmbH},
  title     = {Projektierung von Automatisierungsanlagen},
  year      = {2017},
  isbn      = {978-3-658-16416-4},
  date      = {2017-08-02},
  ean       = {9783658164164},
  pagetotal = {273},
  url       = {https://www.ebook.de/de/product/33168410/thomas_bindel_dieter_hofmann_projektierung_von_automatisierungsanlagen.html},
}

@Comment{jabref-meta: databaseType:bibtex;}
